<?xml version="1.0" encoding="UTF-8"?><record xmlns="http://www.loc.gov/MARC21/slim" xmlns:cinclude="http://apache.org/cocoon/include/1.0" xmlns:zs="http://www.loc.gov/zing/srw/">
  <leader>00434nz  a2200121n  4500</leader>
  <controlfield tag="001">n  87828675 </controlfield>
  <controlfield tag="003">DLC</controlfield>
  <controlfield tag="005">19870504112237.1</controlfield>
  <controlfield tag="008">870504n| acannaab|          |n and |||  </controlfield>
  <datafield tag="010" ind1=" " ind2=" ">
    <subfield code="a">n  87828675 </subfield>
  </datafield>
  <datafield tag="040" ind1=" " ind2=" ">
    <subfield code="a">DLC</subfield>
    <subfield code="c">DLC</subfield>
  </datafield>
  <datafield tag="110" ind1="2" ind2="0">
    <subfield code="a">Stephentown Historical Society (N.Y.)</subfield>
  </datafield>
  <datafield tag="670" ind1=" " ind2=" ">
    <subfield code="a">nuc87-40846: Stephentown Historical Society's bicentennial album, 1984</subfield>
    <subfield code="b">(hdg. on N rept.: Stephentown Historical Society; usage: Stephentown Historical Society)</subfield>
  </datafield>
</record>